<collection xmlns="http://www.loc.gov/MARC21/slim"><record><leader>00799nam  2200217   450</leader><controlfield tag="001">942</controlfield><controlfield tag="003">http://montalegre.opacnet.com/OPAC/default.aspx?ContentAreaControl=ShowRegHoldings.ascx&amp;RegNo=16662</controlfield><datafield tag="095" ind1=" " ind2=" "><subfield code="a">PTBN00079258</subfield></datafield><datafield tag="100" ind1=" " ind2=" "><subfield code="a">19850701d1985    m  y0pora0103    ba</subfield></datafield><datafield tag="101" ind1="1" ind2=" "><subfield code="a">por</subfield><subfield code="c">fre</subfield></datafield><datafield tag="102" ind1=" " ind2=" "><subfield code="a">PT</subfield></datafield><datafield tag="200" ind1="1" ind2=" "><subfield code="a">Da terra à lua</subfield><subfield code="e">trajecto directo em 97 horas e 20 minutos</subfield><subfield code="f">Júlio Verne</subfield><subfield code="g">trad. Cascais Franco</subfield></datafield><datafield tag="210" ind1=" " ind2=" "><subfield code="a">Mem Martins</subfield><subfield code="c">Europa-América</subfield><subfield code="d">[D.L. 1985]</subfield></datafield><datafield tag="215" ind1=" " ind2=" "><subfield code="a">178 p.</subfield><subfield code="c">il.</subfield><subfield code="d">18 cm</subfield></datafield><datafield tag="225" ind1="2" ind2=" "><subfield code="a">Livros de bolso Europa-América</subfield><subfield code="v">423</subfield></datafield><datafield tag="304" ind1=" " ind2=" "><subfield code="a">Tít. orig. : De la terre à la lune</subfield></datafield><datafield tag="675" ind1=" " ind2=" "><subfield code="a">087.5</subfield><subfield code="v">bn</subfield><subfield code="z">por</subfield></datafield><datafield tag="700" ind1=" " ind2="1"><subfield code="a">Verne</subfield><subfield code="b">Jules</subfield><subfield code="f">1828-1905</subfield><subfield code="3">27932</subfield></datafield><datafield tag="702" ind1=" " ind2="1"><subfield code="a">Franco</subfield><subfield code="b">Cascais</subfield><subfield code="4">730</subfield><subfield code="3">26581</subfield></datafield><datafield tag="801" ind1=" " ind2="0"><subfield code="a">PT</subfield><subfield code="b">Biblioteca Municipal de Montalegre</subfield><subfield code="g">RPC</subfield></datafield><datafield tag="856" ind1=" " ind2=" "><subfield code="u">locateMedia.asp?cod=20060703100953&amp;ext=jpg</subfield><subfield code="z">CAPA</subfield></datafield><datafield tag="909" ind1="&#9;" ind2=" "><subfield code="a">1</subfield></datafield><datafield tag="966" ind1=" " ind2=" "><subfield code="a">0005577</subfield><subfield code="l">BMM</subfield><subfield code="s">SJ 087.5 VER ter 423</subfield></datafield></record></collection>